|0000|020|0|01032026|31032026|KAWAPOLPA EMBALAGENS LTDA|58274111000176||SP|151751101115|3550308|||A|0|
|0001|0|
|0002|00|
|0005|N├O POSSUI|05117001|Rua Dom Pedro Henrique de Orleans e Braganþa|533||Vila Jaguara|1132867200||confiancacontabil@assessoriaconfianca.com.br|
|0100|MARIA DO CARMO BARROS DA SILVA VIEIRA|04805454806|1SP159528/O-4|||||||11)32867200||mariadocarmo.vieira@assessoriaconfianca.com.br|3550308|
|0150|04022105000100|ADRIANA RIOS BATISTA - ME|1058|04022105000100||336651565118|3550308||R FLAVIO DE CARVALHO|87||JARDIM MONTE CARMELO|
|0150|49122017000100|BSE PAINEIS ELETRICOS|1058|49122017000100||417764856116|3526902||AVENIDA ACADEMICO LUIZ ANTONIO AZEVEDO BITENCOURT|200|MAGNOLIA 44|JARDIM ESMERALDA|
|0150|08754254000107|C2S Business|1058|08754254000107||255386206|4214805||Aldo Luiz Cristofolini|390|GalpÒo 3000 M▓|TaboÒo|
|0150|11496607000120|HDA INDUSTRIA E COMERCIO DE COMPONENTES ELETRONICOS S/A|1058|11496607000120||4240008700|4322541||RUA DEODATO MAGGI|270||ARROIO DO OURO|
|0150|03317342000128|JOINING COMERCIO ELETRO-ELETRICOSáLTDA|1058|03317342000128||115158291116|3550308||RUA PROFESSOR JOSE FELICIANO DE OLIVEIRA|890||CANINDE|
|0150|07642862000248|MEGACABOS INDUSTRIA E COMERCIO DE FIOS E CABOS LTDA|1058|07642862000248||146587325117|3550308||RUA SOLDADO ANTONIO MARTINS DE OLI|52||PARQUE NOVO MUNDO|
|0150|90248691000130|QT EQUIPAMENTOS LTDA|1058|90248691000130||1770043990|4303103||Av. das Industrias|170||Distrito Industrial|
|0150|12602297000144|VIT CHEMICAL LTDA.|1058|12602297000144||147518424113|3550308||AVENIDA LUIZ IMPARATO|00130||PARQUE CISPER|
|0190|CJ|CJ|
|0190|LT|LITRO|
|0190|M|M|
|0190|M2|M2|
|0190|PC|PEÃA|
|0190|UN|UNIDADE|
|0200|003150G3-1086P|LUM INDUSTRIAL HDA LED HP 150W  5000K HIGHBAY 90X90 IP66 120|SEM GTIN||UN|01|94051190||94||12||
|0200|011109F0001PT00|CABO HEPR 0,6/1 KV 1X50 MM2 1 M PT|7899278983701||M|01|85444900||85||18|1200700|
|0200|011110F0001PT00|CABO HEPR 0,6/1 KV 1X70 MM2 1 M PT|7899278984609||M|01|85444900||85||18|1200700|
|0200|1009501|BASE PARA FUSIVEL NH00|SEM GTIN||UN|00|85361000||85||4|0106600|
|0200|1101901|PORTA FUSIVEL CARTUCHO 1P 10X38 ATE 32A|SEM GTIN||UN|00|85361000||85||4|0106600|
|0200|1102701|FUSIVEL CARTUCHO 10X38 15A ULTRA RAPIDO|SEM GTIN||UN|00|85361000||85||4|0106600|
|0200|1102801|FUSIVEL CARTUCHO 10X38 20A ULTRA RAPIDO|9007000331012||UN|00|85361000||85||4|0106600|
|0200|1103001|FUSIVEL CARTUCHO 10X38 32A ULTRA RAPIDO|SEM GTIN||UN|00|85361000||85||4|0106600|
|0200|1103101|Fusivel Cartucho 14X51 40A Ultra Rapido|SEM GTIN||UN|00|85361000||85||4|0106600|
|0200|1103201|FUSIVEL CARTUCHO 14X51 50A ULTRA RAPIDO|SEM GTIN||UN|00|85361000||85||4|0106600|
|0200|1103301|FUSIVEL CARTUCHO 14X51 63A ULTRA RAPIDO|SEM GTIN||UN|00|85361000||85||4|0106600|
|0200|1145801|Base 1P para DPS Cartucho|9007000089012||UN|00|85354090||85||4|1200300|
|0200|1159001|Painel Modular 1900x800x400mm|SEM GTIN||UN|00|85381000||85||12|1200500|
|0200|118012|CONJ ISOL TRIP 02 BARRAS DE 3/8" - DF=105 MM - ALIM HOR GALV|7899939053705||CJ|01|85389090||85||12|1200500|
|0200|12099|MINIDISJUNTOR 3P C6A - DZ4763 3P 6A- 3KA|7898488023566||UN|00|85362000||85||18|1200400|
|0200|12236|DISJUNTOR MOTOR - 1NA+1NF - DZ108 20 6-10|7898488023252||UN|00|85362000||85||18|1200400|
|0200|12312|DISJUNTOR CX ABERTA 1600A 80KA- DW 2000 1600A|7898488025331||UN|00|85362000||85||18|1200400|
|0200|12315|DISJUNTOR CX ABERTA 2500A 100KA- DW 3200 2500A|7898488025355||UN|00|85362000||85||18|1200400|
|0200|12317|BOBINA DE ABERTURA (DISPARO) P/ DW-2000|7898488029681||UN|00|85045090||85||18|1200100|
|0200|12318|BOBINA DE FECHAMENTO (REARME) P/ DW-2000|7898488029698||UN|00|85045090||85||18|1200100|
|0200|12319|BOBINA DE MINIMA TENSAO (SUBTENSAO) P/ DW-2000|7898488029704||UN|00|85045090||85||18|1200100|
|0200|12321|BOBINA DE FECHAMENTO (REARME) P/ DW-3200|7898488029728||UN|00|85045090||85||18|1200100|
|0200|12322|BOBINA DE MINIMA TENSAO (SUBTENSAO) P/ DW-3200|7898488029735||UN|00|85045090||85||18|1200100|
|0200|12360|MANOPLA  EXTENSAO ROTATIVA PORTA PAINEL P/ DJM/JM2-225/250L|7898488041072||UN|00|85389090||85||18|1200500|
|0200|12361|MANOPLA  EXTENSAO ROTATIVA PORTA PAINEL P/ DJM/JM2-400L|7898488041089||UN|00|85389090||85||18|1200500|
|0200|12374|CONTATO AUXILIAR LATERAL (1NA+1NF) P/ DJM/JM2-225L/250L|7898488029834||UN|00|85389090||85||18|1200500|
|0200|12381|BOBINA DE ABERTURA (DISPARO) P/ DJM/JM2-225/250L|7898488029902||UN|00|85045090||85||18|1200100|
|0200|12382|BOBINA DE ABERTURA (DISPARO) P/ DJM/JM2-400L|7898488029919||UN|00|85045090||85||18|1200100|
|0200|1253301|FUSIVEL CARTUCHO 10X38 20A RETARDADO|SEM GTIN||UN|00|85361000||85||4|0106600|
|0200|12804|BOTAO EMERG. VM G. DESTR. 40MM PL- LAY5 ES54|7898488027526||UN|00|85365090||85||18|1200400|
|0200|1283|TERMOSTATO PARA PAINEL AJUSTE 0-60║ CORRENTE 6A UTILIZADO PA|SEM GTIN||PC|00|90321090||90||4||
|0200|12855|SINALIZADOR  MONOBL. 22MM VD 220VCA - AD1622DG 220VCA|7898488027670||UN|00|85389090||85||18|1200500|
|0200|12856|SINALIZADOR  MONOBL. 22MM VM 220VCA - AD1622DR 220VCA|7898488027700||UN|00|85389090||85||18|1200500|
|0200|12857|SINALIZADOR  MONOBL. 22MM AM 220VCA - AD1622DY 220VCA|7898488027731||UN|00|85389090||85||18|1200500|
|0200|12858|SINALIZADOR  MONOBL. 22MM BC 220VCA - AD1622DW 220VCA|7898488027762||UN|00|85389090||85||18|1200500|
|0200|12867|BLOCO DE CONTATO (NF) P/ BOTOES DE COMANDO LAY5-BE102|7898488027663||UN|00|85365090||85||18|1200400|
|0200|13076|TRANSF. COR. (TC) BIPARTIDO 1500/5 - DP 812 1500/5|7898488030380||UN|00|85043111||85||18|2103600|
|0200|13078|TRANSF. COR. (TC) BIPARTIDO 2500/5 - DP 812 2500/5|7898488030403||UN|00|85043111||85||18|2103600|
|0200|13235|MULTIMEDIDOR DIG. TRIF. 96X96 - HD 194E 9SY|7898488029360||UN|00|90303100||90||18|2111900|
|0200|1330701|PORTA FUSIVEL CARTUCHO 3P 10X38 ATE 32A|SEM GTIN||UN|00|85361000||85||4|0106600|
|0200|1330901|PORTA FUSIVEL CARTUCHO 3P 14X51 ATE 63A|SEM GTIN||UN|00|85361000||85||4|0106600|
|0200|13472|CONECTOR BORNE P/FIOS E CABOS BG - JUT2 2,5|7898488027922||UN|00|85369090||85||18|1200400|
|0200|13534|MICROVENTILADOR QUAD. 230VCA 200X200 - TA20060HBL|7898488030854||UN|00|84145990||84||18|2108800|
|0200|13543|GRELHA+FILTRO P/ MICRO VENTILADOR MULTIFURO - FB9805|7898488030892||UN|00|84149020||84||18|2109100|
|0200|1360101|Bloco De Distribuicao Azul 12 Furos 250A|9007000158015||UN|00|85444900||85||4|1200700|
|0200|13619|ISOLADOR  P/ BARRAMENTO 30X30X1/4|7898488042406||UN|00|85479000||85||18|1200900|
|0200|13958|TERMOSTATO NA - KT011 NA|7898488044325||UN|00|90328982||90||18||
|0200|14583|CONTATOR 2NA 2NF VCA 12A AC3  JX1 12 220V|7898645633980||UN|00|85364900||85||18|1200400|
|0200|15178|DISJUNTOR CAIXA MOLDADA JM2-100L-80A|7898488049504||UN|00|85362000||85||18|1200400|
|0200|15184|DISJUNTOR CAIXA MOLDADA JM2-250L-160A|7898645632792||UN|00|85362000||85||18|1200400|
|0200|15188|DISJUNTOR CAIXA MOLDADA JM2-250L-250A|7898645632839||UN|00|85362000||85||18|1200400|
|0200|15189|DISJUNTOR CAIXA MOLDADA JM2-400L-300A|7898645632846||UN|00|85362000||85||18|1200400|
|0200|15191|DISJUNTOR CAIXA MOLDADA JM2-400L-400A|7898645632860||UN|00|85362000||85||18|1200400|
|0200|15382|DPS JBYT1, 30-60KA, T1-T2  (T1-12,5KA, T2-60KA)|7898645637384||UN|00|85363090||85||18|1200400|
|0200|1539701|Capacitor trifßsico 5kvar 380Vca|SEM GTIN||UN|00|85321000||85||4||
|0200|1539801|Capacitor trifßsico 7,5kvar 380Vca|SEM GTIN||UN|00|85321000||85||4||
|0200|1539901|Capacitor trifßsico 10kvar 380Vca|SEM GTIN||UN|00|85321000||85||4||
|0200|1540101|Capacitor trifßsico 12,5kvar 380Vca|SEM GTIN||UN|00|85321000||85||4||
|0200|1540201|Capacitor trifßsico 15kvar 380Vca|SEM GTIN||UN|00|85321000||85||4||
|0200|1540301|Capacitor trifßsico 17,5kvar 380Vca|SEM GTIN||UN|00|85321000||85||4||
|0200|1540401|Capacitor trifßsico 20kvar 380Vca|SEM GTIN||UN|00|85321000||85||4||
|0200|15511|GRADE MET. P/ MICRO VENTILADOR 200X200|7898645638664||UN|00|84149020||84||18|2109100|
|0200|1563901|Bloco de DistribuiþÒo 12 Furos (Verde/Terra) 80A - Furo 5mm|SEM GTIN||UN|00|85444900||85||4|1200700|
|0200|1564201|Bloco de DistribuiþÒo 12 Furos 80A - Furo 5mm|SEM GTIN||UN|00|85444900||85||4|1200700|
|0200|1605101|Veneziana com Filtro 255X255X13,5MM para Ventilador 180X180M|9008016051017||PC|00|84149039||84||4|2108900|
|0200|1792701|Controlador de Fator de PotÛncia 12 SaÝdas 380Vca|9008017927014||PC|00|90308990||90||4|2112000|
|0200|1883101|Bloco Distribuicao 12 Furos para Disjuntor Caixa Moldada|SEM GTIN||UN|00|85369090||85||4|1200400|
|0200|330|CHAPA 14 GALV DOBRA (ESP.2MM)16,5KG 06 PCS 750 X 300 ABA 75|SEM GTIN||M2|00|72091600||72||0||
|0200|331|CHAPA 14 PRETA CORTE (ESP.2MM)16KG|SEM GTIN||M2|00|72091600||72||0||
|0200|3409|CANALETA 80X80X2000 ABERTA CINZA|SEM GTIN||PC|00|39259090||39||4||
|0200|3531|PLAQUETA DE EMERGENCIA PARA BOTAO 22MM|SEM GTIN||PC|00|85389090||85||4|1200500|
|0200|3578|TERMINAL TUBULAR DUPLO PARA CABO 4MM PACOTE COM 100 PECAS|SEM GTIN||PC|00|85444900||85||4|1200700|
|0200|3580|TERMINAL TUBULAR DUPLO PARA CABO 10MM PACOTE COM 100 PECAS|SEM GTIN||PC|00|85444900||85||4|1200700|
|0200|3586|Terminal Tubular Simples para Cabo 4MM Pacote com 100 Pecas|SEM GTIN||PC|00|85369090||85||4|1200400|
|0200|3588|TERMINAL TUBULAR SIMPLES PARA CABO 10MM PACOTE COM 100 PECAS|SEM GTIN||PC|00|85444900||85||4|1200700|
|0200|3593|Terminal Pre Isolado Tipo Forquilha para Cabo 1,5 e 2,5MM▓ e|SEM GTIN||PC|00|85444900||85||4|1200700|
|0200|3594|Terminal Pre Isolado Tipo Forquilha para Cabo 4 e 6MM▓ e For|SEM GTIN||PC|00|85444900||85||4|1200700|
|0200|3604|Disjuntor Monofasico 6A 3KA|SEM GTIN||PC|00|85362000||85||4|1200400|
|0200|3605|Disjuntor Monofasico 10A 3Ka|9008000036051||PC|00|85362000||85||4|1200400|
|0200|3624|Disjuntor Trifasico 16A 3KA|SEM GTIN||PC|00|85362000||85||4|1200400|
|0200|3626|Disjuntor Trifasico 25A 3KA|SEM GTIN||PC|00|85362000||85||4|1200400|
|0200|3627|Disjuntor Trifasico 32A 3KA|SEM GTIN||PC|00|85362000||85||4|1200400|
|0200|3628|Disjuntor Trifasico 40A 3KA|SEM GTIN||PC|00|85362000||85||4|1200400|
|0200|3629|Disjuntor Trifasico 50A 3KA|SEM GTIN||PC|00|85362000||85||4|1200400|
|0200|3630|Disjuntor Trifasico 63A 3KA|SEM GTIN||PC|00|85362000||85||4|1200400|
|0200|3631|Disjuntor Trifasico 80A 10KA|SEM GTIN||PC|00|85362000||85||4|1200400|
|0200|3640|Disjuntor Trifasico 100A 10KA|SEM GTIN||PC|00|85362000||85||4|1200400|
|0200|3939|TRANSFORMADOR DE CORRENTE 3000/5 TIPO JANELA PARA BARRAMENTO|SEM GTIN||PC|00|85043111||85||4|2103600|
|0200|492301|TERMINAL DE COMPRESSAO BRASILTEC PARA CABO 95MM|SEM GTIN||PC|00|85359090||85||4|1200300|
|0200|577201|Disjuntor Caixa Moldada Tripolar 600A|9008005772015||PC|01|85362000||85||4|1200400|
|0200|594501|BARRAMENTO DE COBRE 1.1/2 X 3/8 774A|SEM GTIN||UN|00|74071010||74||12|1006300|
|0200|599501|FIXADOR AUTOCOLANTE NATURAL 20X20MM PARA ABRACADEIRAS|SEM GTIN||PC|00|85389090||85||4|1200500|
|0200|605501|Terminal Pre Isolado Tipo Forquilha para Cabo 4 e 6MM▓ e For|SEM GTIN||PC|00|85444900||85||4|1200700|
|0200|641501|ABRACADEIRA DE NYLON 2,5X100MM PRETA PACOTE 100 PECAS|SEM GTIN||PC|00|39269090||39||4|1002000|
|0200|641601|ABRACADEIRA DE NYLON 2,5X150MM PRETA PACOTE 100 PECAS|SEM GTIN||PC|00|39269090||39||4|1002000|
|0200|641801|ABRACADEIRA DE NYLON 3,6X200MM PRETA PACOTE 100 PECAS|SEM GTIN||PC|00|39269090||39||4|1002000|
|0200|707701|TERMINAL PRE ISOLADO TIPO PINO PARA CABO 1,5 E 2,5MM NA COR|SEM GTIN||PC|00|85444900||85||4|1200700|
|0200|742301|CONTATOR 12A PARA CAPACITORES BOBINA 220VCA 3KVAR TRIF 220|SEM GTIN||UN|01|85364900||85||4|1200400|
|0200|742501|CONTATOR 18A PARA CAPACITORES BOBINA 220VCA 5KVAR TRIF 220|SEM GTIN||PC|01|85364900||85||4|1200400|
|0200|742601|CONTATOR 25A PARA CAPACITORES BOBINA 220VCA 7 5 KVAR TRIF 2|SEM GTIN||UN|01|85364900||85||4|1200400|
|0200|742701|CONTATOR 32A PARA CAPACITORES BOBINA 220VCA 10KVAR TRIF 220|SEM GTIN||UN|01|85364900||85||4|1200400|
|0200|742901|CONTATOR 50A PARA CAPACITORES BOBINA 220VCA 14KVAR TRIF 220|SEM GTIN||PC|01|85364900||85||4|1200400|
|0200|743001|CONTATOR 65A PARA CAPACITORES BOBINA 220VCA 15KVAR TRIF 220|SEM GTIN||PC|01|85364900||85||4|1200400|
|0200|751501|TRANSFORMADOR DE CORRENTE DE NUCLEO BIPARTIDO 1500/5|SEM GTIN||PC|00|85043111||85||4|2103600|
|0200|783701|VENTILADOR 200X200X60MM 220VCA 50/60HZ ALTA VAZAO|SEM GTIN||PC|00|84145990||84||4|2108600|
|0200|866101|FUS═VEL NH00 ULTRA RAPIDO 100A|SEM GTIN||PC|00|85361000||85||4|0106600|
|0200|866801|FUS═VEL NH00 ULTRA RAPIDO 80A|SEM GTIN||PC|00|85361000||85||4|0106600|
|0200|915301|BOTAO DE EMERGENCIA PLASTICO VERMELHO 22MM COM RETENCAO 1NF|SEM GTIN||PC|00|85365090||85||4|1200400|
|0200|924301|Cartucho Classe I/II 40Ka 275Vca|SEM GTIN||UN|00|85354090||85||4|1200300|
|0200|BSE1100ES|PAINEL ELETRICO MODULAR - MEDIDA ESPECIAL|SEM GTIN||UN|00|85381000||85||0||
|0200|PM006|REMOTECH ULTRA|SEM GTIN||LT|00|34023990||34||0||
|0200|PM022|DURACRYL - CERA ACRILICA PARA AREAS EXTERNAS|SEM GTIN||LT|00|39069019||39||0||
|0200|12345|MATERIAIS DIVERSOS 4%|||UN|08|||||||
|0300|1|1|TANQUE PARA MASSA ACO INOX 10M3 PULP TANK #2||1232104|48|
|0305|1|TANQUE DE POLPA|10|
|0300|10|1|FRETE NF 1306|1|1232104|48|
|0305|1|TANQUE DE POLPA|10|
|0300|11|1|FRETE NF 1307|4|1.2.3.01.001.00008|48|
|0305|1|MATERIAIS DE CONSTRUÃ├O|10|
|0300|12|1|.||1.2.3.01.001.00008|48|
|0305|1|MATERIAIS DE CONSTRUÃ├O|10|
|0300|2|1|.||1232104|48|
|0305|1|TANQUE DE POLPA|10|
|0300|3|1|.||1232104|48|
|0305|1|TANQUE DE POLPA|10|
|0300|4|1|TANQUE PARA MASSA ACO INOX 5M3 PULP TANK #1||1.2.3.02.001.00004|48|
|0305|1|TANQUE EM POLPA|10|
|0300|5|1|TANQUE PARA MASSA ACO INOX 20M3 WATER TANK #1||1.2.3.02.001.00004|48|
|0305|1|TANQUE DE POLPA|10|
|0300|6|1|TANQUE PARA MASSA ACO INOX 20M3 WATER TANK #2||1.2.3.02.001.00004|48|
|0305|1|TANQUE DE POLPA|10|
|0300|7|1|TANQUE PARA MASSA ACO INOX 4M3 CLEAN WATER TANK #1||1.2.3.02.001.00004|48|
|0305|1|TANQUE DE POLPA|10|
|0300|8|1|TANQUE PARA MASSA ACO INOX 4M3 CLEAN WATER TANK #2||1.2.3.02.001.00004|48|
|0305|1|TANQUE DE POLPA|10|
|0300|9|1|TANQUE PARA MASSA ACO INOX 3M3 PULP RETURNING TANK #1 e 2||1.2.3.02.001.00004|48|
|0305|1|TANQUE DE POLPA|10|
|0300|13|1|MATERIAIS-IMOBILIZADO||1.2.3.02.001.00004|48|
|0305|1|MATERIAIS|10|
|0300|14|1|MATERIAIS-IMOBILIZADO2||1.2.3.02.001.00004|48|
|0305|1|MATERIAIS|10|
|0300|15|1|MATERIAIS-IMOBILIZADO3||1.2.3.02.001.00004|48|
|0305|1|MATERIAIS|10|
|0300|16|1|MATERIAIS-IMOBILIZADO4||1.2.3.02.001.00004|48|
|0305|1|MATERIAIS|10|
|0400|1551|Compra de Ativo Imobilizado|
|0400|2551|Compra de Ativo Imobilizado|
|0450|IMPNFE|Permite o aproveitamento do credito de ICMS no valor de|
|0500|02032026|01|A|6|1.2.3.01.001.00008|BENFEITORIAS EM IMËVEIS DE TERCEIROS|
|0500|03022026|01|A|6|1.2.3.01.001.00008|BENFEITORIAS EM IMËVEIS DE TERCEIROS|
|0500|09032026|01|A|6|1.2.3.01.001.00008|BENFEITORIAS EM IMËVEIS DE TERCEIROS|
|0500|10032026|01|A|6|1.2.3.01.001.00008|BENFEITORIAS EM IMËVEIS DE TERCEIROS|
|0500|11032026|01|A|6|1.2.3.01.001.00008|BENFEITORIAS EM IMËVEIS DE TERCEIROS|
|0500|12012026|01|A|6|1.2.3.01.001.00008|BENFEITORIAS EM IMËVEIS DE TERCEIROS|
|0500|12012026|01|A|6|1.2.3.02.001.00004|MAQUINAS E EQUIPAMENTOS|
|0500|12012026|01|A|6|1232104|MAQUINAS E EQUIPAMENTOS|
|0500|19032026|01|A|6|1.2.3.01.001.00008|BENFEITORIAS EM IMËVEIS DE TERCEIROS|
|0500|23022026|01|A|6|1.2.3.01.001.00008|BENFEITORIAS EM IMËVEIS DE TERCEIROS|
|0500|27022026|01|A|6|1.2.3.01.001.00008|BENFEITORIAS EM IMËVEIS DE TERCEIROS|
|0600|02032026|1|IMOBILIZADO|
|0600|03022026|1|IMOBILIZADO|
|0600|09032026|1|IMOBILIZADO|
|0600|10032026|1|IMOBILIZADO|
|0600|11032026|1|IMOBILIZADO|
|0600|12012026|1|IMOBILIZADO|
|0600|19032026|1|IMOBILIZADO|
|0600|23022026|1|IMOBILIZADO|
|0600|27022026|1|IMOBILIZADO|
|0990|188|
|B001|1|
|B990|2|
|C001|0|
|C100|0|1|49122017000100|55|00|1|1234|35260349122017000100550010000012341335620640|11032026|11032026|24462|1|0|0|24462|1|0|0|0|24462|308,22|0|0|0|403,62|1859,11|0|0|
|C110|IMPNFE|R$ 308.22, correspondente a aliquota de 1.26 nos termos do art. 23 da LC123/2006|
|C170|1|BSE1100ES||1|UN|24462|0|0|101|1551|1551|24462|1,26|308,22|0|0|0|0|49|||||50|24462|1,65|0|0|403,62|50|24462|7,6|0|0|1859,11||0|
|C190|101|1551|1,26|24462|24462|308,22|0|0|0|0||
|C100|0|1|04022105000100|55|00|1|2258|35260304022105000100550010000022581163556750|27032026|27032026|596,18|1|0|0|596,18|1|0|0|0|0|0|0|0|0|0|0|0|0|
|C170|1|330||2,43|M2|596,18|0|0|102|1551|1551|0|0|0|0|0|0|0|03|||||99|0|0|0|0|0|99|0|0|0|0|0||0|
|C190|102|1551|0|596,18|0|0|0|0|0|0||
|C100|0|1|04022105000100|55|00|1|2263|35260304022105000100550010000022631165046155|30032026|30032026|455,91|1|0|0|455,91|1|0|0|0|0|0|0|0|0|0|0|0|0|
|C170|1|331||1,944|M2|455,91|0|0|102|1551|1551|0|0|0|0|0|0|0|03|||||99|0|0|0|0|0|99|0|0|0|0|0||0|
|C190|102|1551|0|455,91|0|0|0|0|0|0||
|C100|0|1|12602297000144|55|00|1|3998|35260312602297000144550010000039981000028010|11032026|11032026|5125|1|0|0|5125|3|0|0|0|0|0|0|0|0|0|0|0|0|
|C170|1|PM006||5|LT|225|0|0|102|1551|1551|0|0|0|0|0|0|0|49|||||99|0|0|0|0|0|99|0|0|0|0|0||0|
|C170|2|PM022||70|LT|4900|0|0|102|1551|1551|0|0|0|0|0|0|0|49|||||99|0|0|0|0|0|99|0|0|0|0|0||0|
|C190|102|1551|0|5125|0|0|0|0|0|0||
|C100|0|1|07642862000248|55|00|2|9827|35260307642862000248550020000098271789740849|09032026|10032026|129484,87|1|0|0|129484,87|0|0|0|0|129484,87|23307,28|0|0|0|1751,93|8069,5|0|0|
|C170|1|011110F0001PT00||1300|M|73423,87|0|0|500|1551|1551|73423,87|18|13216,3|0|0|0|0|03|||||50|60207,57|1,65|0|0|993,42|50|60207,57|7,6|0|0|4575,78||0|
|C170|2|011109F0001PT00||800|M|33469,04|0|0|500|1551|1551|33469,04|18|6024,42|0|0|0|0|03|||||50|27444,62|1,65|0|0|452,84|50|27444,62|7,6|0|0|2085,79||0|
|C170|3|011110F0001PT00||400|M|22591,96|0|0|500|1551|1551|22591,96|18|4066,56|0|0|0|0|03|||||50|18525,4|1,65|0|0|305,67|50|18525,4|7,6|0|0|1407,93||0|
|C190|500|1551|18|129484,87|129484,87|23307,28|0|0|0|0||
|C100|0|1|11496607000120|55|00|3|15603|43260311496607000120550030000156031993942100|19032026|19032026|35730,16|1|0|0|32555,95|0|0|0|0|35730,16|4287,62|0|0|3174,21|537,17|2474,25|0|0|
|C170|1|003150G3-1086P||35|UN|32555,95|0|0|500|2551|2551|35730,16|12|4287,62|0|0|0|0|00||32555,95|9,75|3174,21|50|32555,95|1,65|0|0|537,17|50|32555,95|7,6|0|0|2474,25||0|
|C190|500|2551|12|35730,16|35730,16|4287,62|0|0|0|3174,21||
|C100|0|1|90248691000130|55|00|1|95098|43260390248691000130550010000950981151537234|02032026|02032026|4142,86|1|0|0|3424,82|0|350|0|0|4142,87|497,14|0|0|368,04|54,08|249,1|0|0|
|C170|1|118012||14|CJ|3424,82|0|0|000|2551|2551|4142,87|12|497,14|0|0|0|0|00||3774,82|9,75|368,04|50|3277,68|1,65|0|0|54,08|50|3277,68|7,6|0|0|249,1||0|
|C190|000|2551|12|4142,86|4142,87|497,14|0|0|0|368,04||
|C100|0|1|08754254000107|55|00|1|207246|42260308754254000107550010002072461329112016|09032026|09032026|28268,6|1|0|0|27096,63|0|677,17|0|0|28268,6|2035,53|0|0|494,8|458,26|2110,77|0|0|
|C170|1|1159001||2|UN|8893,06|0|0|000|2551|2551|9115,31|12|1093,84|0|0|0|0|03|||||50|9115,31|1,65|0|0|150,4|50|9115,31|7,6|0|0|692,76||0|
|C170|2|1009501||12|UN|261,6|0|0|100|2551|2551|294,28|4|11,77|0|0|0|0|00||268,14|9,75|26,14|50|268,14|1,65|0|0|4,42|50|268,14|7,6|0|0|20,38||0|
|C170|3|866101||9|PC|422,19|0|0|100|2551|2551|474,93|4|19|0|0|0|0|00||432,74|9,75|42,19|50|432,74|1,65|0|0|7,14|50|432,74|7,6|0|0|32,89||0|
|C170|4|866801||3|PC|140,73|0|0|100|2551|2551|158,31|4|6,33|0|0|0|0|00||144,25|9,75|14,06|50|144,25|1,65|0|0|2,38|50|144,25|7,6|0|0|10,96||0|
|C170|5|1103301||3|UN|33,72|0|0|100|2551|2551|37,93|4|1,52|0|0|0|0|00||34,56|9,75|3,37|50|34,56|1,65|0|0|0,57|50|34,56|7,6|0|0|2,63||0|
|C170|6|1103201||6|UN|67,44|0|0|100|2551|2551|75,87|4|3,03|0|0|0|0|00||69,13|9,75|6,74|50|69,13|1,65|0|0|1,14|50|69,13|7,6|0|0|5,25||0|
|C170|7|1103101||3|UN|33,72|0|0|100|2551|2551|37,93|4|1,52|0|0|0|0|00||34,56|9,75|3,37|50|34,56|1,65|0|0|0,57|50|34,56|7,6|0|0|2,63||0|
|C170|8|1103001||3|UN|25,46|0|0|100|2551|2551|28,64|4|1,15|0|0|0|0|00||26,1|9,75|2,54|50|26,1|1,65|0|0|0,43|50|26,1|7,6|0|0|1,98||0|
|C170|9|1102801||3|UN|25,46|0|0|100|2551|2551|28,64|4|1,15|0|0|0|0|00||26,1|9,75|2,54|50|26,1|1,65|0|0|0,43|50|26,1|7,6|0|0|1,98||0|
|C170|10|1102701||3|UN|25,47|0|0|100|2551|2551|28,66|4|1,15|0|0|0|0|00||26,11|9,75|2,55|50|26,11|1,65|0|0|0,43|50|26,11|7,6|0|0|1,98||0|
|C170|11|1330901||4|UN|316,76|0|0|100|2551|2551|356,34|4|14,25|0|0|0|0|00||324,68|9,75|31,66|50|324,68|1,65|0|0|5,36|50|324,68|7,6|0|0|24,68||0|
|C170|12|1330701||3|UN|101,37|0|0|100|2551|2551|114,03|4|4,56|0|0|0|0|00||103,9|9,75|10,13|50|103,9|1,65|0|0|1,71|50|103,9|7,6|0|0|7,9||0|
|C170|13|3626||1|PC|29,21|0|0|100|2551|2551|31,89|4|1,28|0|0|0|0|00||29,94|6,5|1,95|50|29,94|1,65|0|0|0,49|50|29,94|7,6|0|0|2,28||0|
|C170|14|3640||2|PC|225,83|0|0|100|2551|2551|246,52|4|9,86|0|0|0|0|00||231,47|6,5|15,05|50|231,47|1,65|0|0|3,82|50|231,47|7,6|0|0|17,59||0|
|C170|15|3631||1|PC|112,91|0|0|100|2551|2551|123,25|4|4,93|0|0|0|0|00||115,73|6,5|7,52|50|115,73|1,65|0|0|1,91|50|115,73|7,6|0|0|8,8||0|
|C170|16|3630||2|PC|66,39|0|0|100|2551|2551|72,47|4|2,9|0|0|0|0|00||68,05|6,5|4,42|50|68,05|1,65|0|0|1,12|50|68,05|7,6|0|0|5,17||0|
|C170|17|3629||1|PC|33,2|0|0|100|2551|2551|36,24|4|1,45|0|0|0|0|00||34,03|6,5|2,21|50|34,03|1,65|0|0|0,56|50|34,03|7,6|0|0|2,59||0|
|C170|18|3628||1|PC|29,21|0|0|100|2551|2551|31,89|4|1,28|0|0|0|0|00||29,94|6,5|1,95|50|29,94|1,65|0|0|0,49|50|29,94|7,6|0|0|2,28||0|
|C170|19|3627||2|PC|58,43|0|0|100|2551|2551|63,78|4|2,55|0|0|0|0|00||59,89|6,5|3,89|50|59,89|1,65|0|0|0,99|50|59,89|7,6|0|0|4,55||0|
|C170|20|3624||2|PC|58,42|0|0|100|2551|2551|63,77|4|2,55|0|0|0|0|00||59,88|6,5|3,89|50|59,88|1,65|0|0|0,99|50|59,88|7,6|0|0|4,55||0|
|C170|21|743001||3|PC|860,28|0|0|100|2551|2551|910,44|4|36,42|0|0|0|0|00||881,78|3,25|28,66|50|881,78|1,65|0|0|14,55|50|881,78|7,6|0|0|67,02||0|
|C170|22|742901||2|PC|519,46|0|0|100|2551|2551|549,74|4|21,99|0|0|0|0|00||532,44|3,25|17,3|50|532,44|1,65|0|0|8,79|50|532,44|7,6|0|0|40,47||0|
|C170|23|742701||2|UN|251,2|0|0|100|2551|2551|265,85|4|10,63|0|0|0|0|00||257,48|3,25|8,37|50|257,48|1,65|0|0|4,25|50|257,48|7,6|0|0|19,57||0|
|C170|24|742601||2|UN|243,96|0|0|100|2551|2551|258,19|4|10,33|0|0|0|0|00||250,06|3,25|8,13|50|250,06|1,65|0|0|4,13|50|250,06|7,6|0|0|19||0|
|C170|25|742501||2|PC|192,06|0|0|100|2551|2551|203,26|4|8,13|0|0|0|0|00||196,86|3,25|6,4|50|196,86|1,65|0|0|3,25|50|196,86|7,6|0|0|14,96||0|
|C170|26|742301||1|UN|91,58|0|0|100|2551|2551|96,92|4|3,88|0|0|0|0|00||93,87|3,25|3,05|50|93,87|1,65|0|0|1,55|50|93,87|7,6|0|0|7,13||0|
|C170|27|3531||1|PC|2,83|0|0|100|2551|2551|3,18|4|0,13|0|0|0|0|00||2,9|9,75|0,28|50|2,9|1,65|0|0|0,05|50|2,9|7,6|0|0|0,22||0|
|C170|28|915301||1|PC|28,89|0|0|100|2551|2551|32,5|4|1,3|0|0|0|0|00||29,61|9,75|2,89|50|29,61|1,65|0|0|0,49|50|29,61|7,6|0|0|2,25||0|
|C170|29|1605101||4|PC|261,04|0|0|100|2551|2551|267,56|4|10,7|0|0|0|0|03|||||50|267,56|1,65|0|0|4,41|50|267,56|7,6|0|0|20,33||0|
|C170|30|783701||2|PC|509,92|0|0|100|2551|2551|522,66|4|20,91|0|0|0|0|03|||||50|522,66|1,65|0|0|8,62|50|522,66|7,6|0|0|39,72||0|
|C170|31|1283||1|PC|62,47|0|0|100|2551|2551|70,27|4|2,81|0|0|0|0|00||64,03|9,75|6,24|50|64,03|1,65|0|0|1,06|50|64,03|7,6|0|0|4,87||0|
|C170|32|1563901||1|UN|13,45|0|0|100|2551|2551|13,79|4|0,55|0|0|0|0|03|||||50|13,79|1,65|0|0|0,23|50|13,79|7,6|0|0|1,05||0|
|C170|33|1564201||1|UN|12,86|0|0|100|2551|2551|13,18|4|0,53|0|0|0|0|03|||||50|13,18|1,65|0|0|0,22|50|13,18|7,6|0|0|1||0|
|C170|34|3409||5|PC|403,05|0|0|100|2551|2551|426,55|4|17,06|0|0|0|0|00||413,12|3,25|13,43|50|413,12|1,65|0|0|6,82|50|413,12|7,6|0|0|31,4||0|
|C170|35|3594||1|PC|42,66|0|0|100|2551|2551|43,73|4|1,75|0|0|0|0|03|||||50|43,73|1,65|0|0|0,72|50|43,73|7,6|0|0|3,32||0|
|C170|36|605501||1|PC|42,66|0|0|100|2551|2551|43,73|4|1,75|0|0|0|0|03|||||50|43,73|1,65|0|0|0,72|50|43,73|7,6|0|0|3,32||0|
|C170|37|3593||1|PC|15,69|0|0|100|2551|2551|16,08|4|0,64|0|0|0|0|03|||||50|16,08|1,65|0|0|0,27|50|16,08|7,6|0|0|1,22||0|
|C170|38|3588||1|PC|29,57|0|0|100|2551|2551|30,31|4|1,21|0|0|0|0|03|||||50|30,31|1,65|0|0|0,5|50|30,31|7,6|0|0|2,3||0|
|C170|39|3580||1|PC|62,32|0|0|100|2551|2551|63,88|4|2,56|0|0|0|0|03|||||50|63,88|1,65|0|0|1,05|50|63,88|7,6|0|0|4,85||0|
|C170|40|3586||1|PC|16,01|0|0|100|2551|2551|18,01|4|0,72|0|0|0|0|00||16,41|9,75|1,6|50|16,41|1,65|0|0|0,27|50|16,41|7,6|0|0|1,25||0|
|C170|41|3578||1|PC|28,27|0|0|100|2551|2551|28,98|4|1,16|0|0|0|0|03|||||50|28,98|1,65|0|0|0,48|50|28,98|7,6|0|0|2,2||0|
|C170|42|707701||1|PC|19,15|0|0|100|2551|2551|19,63|4|0,79|0|0|0|0|03|||||50|19,63|1,65|0|0|0,32|50|19,63|7,6|0|0|1,49||0|
|C170|43|599501||150|PC|93,99|0|0|100|2551|2551|105,73|4|4,23|0|0|0|0|00||96,34|9,75|9,39|50|96,34|1,65|0|0|1,59|50|96,34|7,6|0|0|7,32||0|
|C170|44|641801||1|PC|19,28|0|0|100|2551|2551|21,69|4|0,87|0|0|0|0|00||19,76|9,75|1,93|50|19,76|1,65|0|0|0,33|50|19,76|7,6|0|0|1,5||0|
|C170|45|641601||1|PC|11,16|0|0|100|2551|2551|12,56|4|0,5|0|0|0|0|00||11,44|9,75|1,12|50|11,44|1,65|0|0|0,19|50|11,44|7,6|0|0|0,87||0|
|C170|46|641501||1|PC|8,07|0|0|100|2551|2551|9,08|4|0,36|0|0|0|0|00||8,27|9,75|0,81|50|8,27|1,65|0|0|0,14|50|8,27|7,6|0|0|0,63||0|
|C170|47|924301||3|UN|92,01|0|0|100|2551|2551|94,31|4|3,77|0|0|0|0|03|||||50|94,31|1,65|0|0|1,56|50|94,31|7,6|0|0|7,17||0|
|C170|48|1145801||3|UN|43,3|0|0|100|2551|2551|44,38|4|1,78|0|0|0|0|03|||||50|44,38|1,65|0|0|0,73|50|44,38|7,6|0|0|3,37||0|
|C170|49|1883101||1|UN|45,08|0|0|100|2551|2551|50,72|4|2,03|0|0|0|0|00||46,21|9,75|4,51|50|46,21|1,65|0|0|0,76|50|46,21|7,6|0|0|3,51||0|
|C170|50|1360101||3|UN|577,71|0|0|100|2551|2551|592,15|4|23,69|0|0|0|0|03|||||50|592,15|1,65|0|0|9,77|50|592,15|7,6|0|0|45||0|
|C170|51|3604||12|PC|93,48|0|0|100|2551|2551|102,05|4|4,08|0|0|0|0|00||95,82|6,5|6,23|50|95,82|1,65|0|0|1,58|50|95,82|7,6|0|0|7,28||0|
|C170|52|1253301||2|UN|3,9|0|0|100|2551|2551|4,39|4|0,18|0|0|0|0|00||4|9,75|0,39|50|4|1,65|0|0|0,07|50|4|7,6|0|0|0,3||0|
|C170|53|1101901||2|UN|27,49|0|0|100|2551|2551|30,93|4|1,24|0|0|0|0|00||28,18|9,75|2,75|50|28,18|1,65|0|0|0,46|50|28,18|7,6|0|0|2,14||0|
|C170|54|3605||2|PC|15,58|0|0|100|2551|2551|17,01|4|0,68|0|0|0|0|00||15,97|6,5|1,04|50|15,97|1,65|0|0|0,26|50|15,97|7,6|0|0|1,21||0|
|C170|55|751501||1|PC|530,85|0|0|100|2551|2551|579,49|4|23,18|0|0|0|0|00||544,12|6,5|35,37|50|544,12|1,65|0|0|8,98|50|544,12|7,6|0|0|41,35||0|
|C170|56|594501||3|UN|2140,53|0|0|000|2551|2551|2194,02|12|263,28|0|0|0|0|03|||||50|2194,02|1,65|0|0|36,2|50|2194,02|7,6|0|0|166,75||0|
|C170|57|492301||12|PC|168,38|0|0|100|2551|2551|178,2|4|7,13|0|0|0|0|00||172,59|3,25|5,61|50|172,59|1,65|0|0|2,85|50|172,59|7,6|0|0|13,12||0|
|C170|58|577201||1|PC|1068,08|0|0|100|2551|2551|1165,93|4|46,64|0|0|0|0|00||1094,77|6,5|71,16|50|1094,77|1,65|0|0|18,06|50|1094,77|7,6|0|0|83,2||0|
|C170|59|1540401||7|UN|3114,37|0|0|100|2551|2551|3192,2|4|127,69|0|0|0|0|03|||||50|3192,2|1,65|0|0|52,67|50|3192,2|7,6|0|0|242,61||0|
|C170|60|1540301||1|UN|397,45|0|0|100|2551|2551|407,38|4|16,3|0|0|0|0|03|||||50|407,38|1,65|0|0|6,72|50|407,38|7,6|0|0|30,96||0|
|C170|61|1540201||3|UN|1109,82|0|0|100|2551|2551|1137,56|4|45,5|0|0|0|0|03|||||50|1137,56|1,65|0|0|18,77|50|1137,56|7,6|0|0|86,45||0|
|C170|62|1540101||1|UN|299,87|0|0|100|2551|2551|307,36|4|12,29|0|0|0|0|03|||||50|307,36|1,65|0|0|5,07|50|307,36|7,6|0|0|23,36||0|
|C170|63|1539901||3|UN|758,58|0|0|100|2551|2551|777,54|4|31,1|0|0|0|0|03|||||50|777,54|1,65|0|0|12,83|50|777,54|7,6|0|0|59,09||0|
|C170|64|1539801||1|UN|230,66|0|0|100|2551|2551|236,42|4|9,46|0|0|0|0|03|||||50|236,42|1,65|0|0|3,9|50|236,42|7,6|0|0|17,97||0|
|C170|65|1539701||1|UN|175,22|0|0|100|2551|2551|179,6|4|7,18|0|0|0|0|03|||||50|179,6|1,65|0|0|2,96|50|179,6|7,6|0|0|13,65||0|
|C170|66|1792701||1|PC|643,2|0|0|100|2551|2551|680,7|4|27,23|0|0|0|0|00||659,27|3,25|21,43|50|659,27|1,65|0|0|10,88|50|659,27|7,6|0|0|50,1||0|
|C170|67|3939||3|PC|758,61|0|0|100|2551|2551|828,08|4|33,12|0|0|0|0|00||777,54|6,5|50,54|50|777,54|1,65|0|0|12,83|50|777,54|7,6|0|0|59,09||0|
|C190|000|2551|12|11309,33|11309,33|1357,12|0|0|0|0||
|C190|100|2551|4|16959,27|16959,27|678,41|0|0|0|494,8||
|C100|0|1|03317342000128|55|00|3|753939|35260303317342000128550030007539391640450953|02032026|02032026|22842,43|1|0|0|21751,43|0|0|0|0|21751,43|3915,26|0|0|1091|294,3|1355,54|0|0|
|C170|1|12312||1|UN|11329,47|0|0|200|1551|1551|11329,47|18|2039,3|0|0|0|0|00||11329,47|6,5|736,42|50|9290,17|1,65|0|0|153,29|50|9290,17|7,6|0|0|706,05||0|
|C170|2|12317||1|UN|1217,92|0|0|100|1551|1551|1217,92|18|219,23|0|0|0|0|01|||||50|998,69|1,65|0|0|16,48|50|998,69|7,6|0|0|75,9||0|
|C170|3|12318||1|UN|1217,92|0|0|100|1551|1551|1217,92|18|219,23|0|0|0|0|01|||||50|998,69|1,65|0|0|16,48|50|998,69|7,6|0|0|75,9||0|
|C170|4|12319||1|UN|1217,92|0|0|100|1551|1551|1217,92|18|219,22|0|0|0|0|01|||||50|998,7|1,65|0|0|16,48|50|998,7|7,6|0|0|75,9||0|
|C170|5|15184||9|UN|1658,59|0|0|200|1551|1551|1658,59|18|298,55|0|0|0|0|00||1658,59|6,5|107,8|50|1360,04|1,65|0|0|22,44|50|1360,04|7,6|0|0|103,36||0|
|C170|6|15178||2|UN|265,9|0|0|200|1551|1551|265,9|18|47,86|0|0|0|0|00||265,9|6,5|17,29|50|218,04|1,65|0|0|3,6|50|218,04|7,6|0|0|16,57||0|
|C170|7|15188||1|UN|287,66|0|0|200|1551|1551|287,66|18|51,78|0|0|0|0|00||287,66|6,5|18,7|50|235,88|1,65|0|0|3,89|50|235,88|7,6|0|0|17,93||0|
|C170|8|13076||3|UN|1105,22|0|0|200|1551|1551|1105,22|18|198,94|0|0|0|0|00||1105,22|6,5|71,83|50|906,28|1,65|0|0|14,95|50|906,28|7,6|0|0|68,88||0|
|C170|9|15382||3|UN|190,55|0|0|200|1551|1551|190,55|18|34,3|0|0|0|0|00||190,55|9,75|18,58|50|156,25|1,65|0|0|2,58|50|156,25|7,6|0|0|11,88||0|
|C170|10|12099||6|UN|140,05|0|0|200|1551|1551|140,05|18|25,21|0|0|0|0|00||140,05|6,5|9,11|50|114,84|1,65|0|0|1,89|50|114,84|7,6|0|0|8,73||0|
|C170|11|13235||1|UN|978,74|0|0|200|1551|1551|978,74|18|176,17|0|0|0|0|00||978,74|3,25|31,81|50|802,57|1,65|0|0|13,24|50|802,57|7,6|0|0|61||0|
|C170|12|13534||4|UN|956,33|0|0|700|1551|1551|956,33|18|172,14|0|0|0|0|00||956,33|0|0|50|784,19|1,65|0|0|12,94|50|784,19|7,6|0|0|59,6||0|
|C170|13|15511||4|UN|102,28|0|0|200|1551|1551|102,28|18|18,41|0|0|0|0|00||102,28|3,25|3,32|50|83,87|1,65|0|0|1,38|50|83,87|7,6|0|0|6,37||0|
|C170|14|13543||4|UN|369,25|0|0|200|1551|1551|369,25|18|66,46|0|0|0|0|00||369,25|3,25|12|50|302,79|1,65|0|0|5|50|302,79|7,6|0|0|23,01||0|
|C170|15|13958||2|UN|211,03|0|0|200|1551|1551|211,03|18|37,99|0|0|0|0|00||211,03|9,75|20,58|50|173,04|1,65|0|0|2,86|50|173,04|7,6|0|0|13,15||0|
|C170|16|12236||1|UN|68,33|0|0|200|1551|1551|68,33|18|12,3|0|0|0|0|00||68,33|6,5|4,44|50|56,03|1,65|0|0|0,92|50|56,03|7,6|0|0|4,26||0|
|C170|17|14583||1|UN|49,45|0|0|200|1551|1551|49,45|18|8,9|0|0|0|0|00||49,45|3,25|1,6|50|40,55|1,65|0|0|0,67|50|40,55|7,6|0|0|3,08||0|
|C170|18|12858||3|UN|22,56|0|0|200|1551|1551|22,56|18|4,06|0|0|0|0|00||22,56|9,75|2,2|50|18,5|1,65|0|0|0,31|50|18,5|7,6|0|0|1,41||0|
|C170|19|12855||1|UN|6,77|0|0|200|1551|1551|6,77|18|1,22|0|0|0|0|00||6,77|9,75|0,66|50|5,55|1,65|0|0|0,09|50|5,55|7,6|0|0|0,42||0|
|C170|20|12856||1|UN|6,77|0|0|200|1551|1551|6,77|18|1,22|0|0|0|0|00||6,77|9,75|0,66|50|5,55|1,65|0|0|0,09|50|5,55|7,6|0|0|0,42||0|
|C170|21|12857||2|UN|13,55|0|0|200|1551|1551|13,55|18|2,44|0|0|0|0|00||13,55|9,75|1,33|50|11,11|1,65|0|0|0,18|50|11,11|7,6|0|0|0,84||0|
|C170|22|12804||1|UN|10,45|0|0|200|1551|1551|10,45|18|1,88|0|0|0|0|00||10,45|9,75|1,01|50|8,57|1,65|0|0|0,14|50|8,57|7,6|0|0|0,65||0|
|C170|23|12867||1|UN|4,86|0|0|200|1551|1551|4,86|18|0,87|0|0|0|0|00||4,86|9,75|0,48|50|3,99|1,65|0|0|0,07|50|3,99|7,6|0|0|0,3||0|
|C170|24|13472||1|UN|1,36|0|0|200|1551|1551|1,36|18|0,25|0|0|0|0|00||1,36|9,75|0,13|50|1,11|1,65|0|0|0,02|50|1,11|7,6|0|0|0,08||0|
|C170|25|13619||100|UN|318,5|0|0|200|1551|1551|318,5|18|57,33|0|0|0|0|00||318,5|9,75|31,05|50|261,17|1,65|0|0|4,31|50|261,17|7,6|0|0|19,85||0|
|C190|100|1551|18|3653,76|3653,76|657,68|0|0|0|0||
|C190|200|1551|18|18232,34|17141,34|3085,44|0|0|0|1091||
|C190|700|1551|18|956,33|956,33|172,14|0|0|0|0||
|C100|0|1|03317342000128|55|00|3|753983|35260303317342000128550030007539831370258948|02032026|02032026|30432,08|1|0|0|28851,01|0|0|0|0|28851,01|5193,18|0|0|1581,07|390,34|1797,97|0|0|
|C170|1|12315||1|UN|14907,2|0|0|200|1551|1551|14907,2|18|2683,3|0|0|0|0|00||14907,2|6,5|968,97|50|12223,9|1,65|0|0|201,69|50|12223,9|7,6|0|0|929,02||0|
|C170|2|12321||1|UN|1367,48|0|0|100|1551|1551|1367,48|18|246,14|0|0|0|0|01|||||50|1121,34|1,65|0|0|18,5|50|1121,34|7,6|0|0|85,22||0|
|C170|3|12322||1|UN|1367,48|0|0|100|1551|1551|1367,48|18|246,15|0|0|0|0|01|||||50|1121,33|1,65|0|0|18,5|50|1121,33|7,6|0|0|85,22||0|
|C170|4|13078||3|UN|1517,24|0|0|200|1551|1551|1517,24|18|273,1|0|0|0|0|00||1517,24|6,5|98,62|50|1244,14|1,65|0|0|20,53|50|1244,14|7,6|0|0|94,55||0|
|C170|5|13235||1|UN|978,74|0|0|200|1551|1551|978,74|18|176,18|0|0|0|0|00||978,74|3,25|31,81|50|802,56|1,65|0|0|13,24|50|802,56|7,6|0|0|60,99||0|
|C170|6|15188||7|UN|2013,65|0|0|200|1551|1551|2013,65|18|362,45|0|0|0|0|00||2013,65|6,5|130,88|50|1651,2|1,65|0|0|27,24|50|1651,2|7,6|0|0|125,49||0|
|C170|7|15189||1|UN|581,24|0|0|200|1551|1551|581,24|18|104,63|0|0|0|0|00||581,24|6,5|37,79|50|476,61|1,65|0|0|7,86|50|476,61|7,6|0|0|36,22||0|
|C170|8|15191||1|UN|581,24|0|0|200|1551|1551|581,24|18|104,62|0|0|0|0|00||581,24|6,5|37,78|50|476,62|1,65|0|0|7,86|50|476,62|7,6|0|0|36,22||0|
|C170|9|15184||3|UN|552,86|0|0|200|1551|1551|552,86|18|99,51|0|0|0|0|00||552,86|6,5|35,93|50|453,35|1,65|0|0|7,48|50|453,35|7,6|0|0|34,45||0|
|C170|10|12381||10|UN|884,39|0|0|200|1551|1551|884,39|18|159,19|0|0|0|0|01|||||50|725,2|1,65|0|0|11,97|50|725,2|7,6|0|0|55,12||0|
|C170|11|12382||2|UN|318,79|0|0|200|1551|1551|318,79|18|57,39|0|0|0|0|01|||||50|261,4|1,65|0|0|4,31|50|261,4|7,6|0|0|19,87||0|
|C170|12|12374||2|UN|85,02|0|0|200|1551|1551|85,02|18|15,3|0|0|0|0|00||85,02|9,75|8,29|50|69,72|1,65|0|0|1,15|50|69,72|7,6|0|0|5,3||0|
|C170|13|12360||10|UN|1452,95|0|0|200|1551|1551|1452,95|18|261,53|0|0|0|0|00||1452,95|9,75|141,66|50|1191,42|1,65|0|0|19,66|50|1191,42|7,6|0|0|90,55||0|
|C170|14|12361||2|UN|380,34|0|0|200|1551|1551|380,34|18|68,46|0|0|0|0|00||380,34|9,75|37,09|50|311,88|1,65|0|0|5,15|50|311,88|7,6|0|0|23,7||0|
|C170|15|13534||4|UN|956,33|0|0|700|1551|1551|956,33|18|172,14|0|0|0|0|00||956,33|0|0|50|784,19|1,65|0|0|12,94|50|784,19|7,6|0|0|59,6||0|
|C170|16|13958||2|UN|211,03|0|0|200|1551|1551|211,03|18|37,99|0|0|0|0|00||211,03|9,75|20,57|50|173,04|1,65|0|0|2,86|50|173,04|7,6|0|0|13,15||0|
|C170|17|12236||1|UN|68,33|0|0|200|1551|1551|68,33|18|12,3|0|0|0|0|00||68,33|6,5|4,44|50|56,03|1,65|0|0|0,92|50|56,03|7,6|0|0|4,26||0|
|C170|18|14583||1|UN|49,45|0|0|200|1551|1551|49,45|18|8,9|0|0|0|0|00||49,45|3,25|1,61|50|40,55|1,65|0|0|0,67|50|40,55|7,6|0|0|3,08||0|
|C170|19|12858||3|UN|22,56|0|0|200|1551|1551|22,56|18|4,06|0|0|0|0|00||22,56|9,75|2,2|50|18,5|1,65|0|0|0,31|50|18,5|7,6|0|0|1,41||0|
|C170|20|12855||1|UN|6,77|0|0|200|1551|1551|6,77|18|1,22|0|0|0|0|00||6,77|9,75|0,66|50|5,55|1,65|0|0|0,09|50|5,55|7,6|0|0|0,42||0|
|C170|21|12856||1|UN|6,77|0|0|200|1551|1551|6,77|18|1,21|0|0|0|0|00||6,77|9,75|0,66|50|5,56|1,65|0|0|0,09|50|5,56|7,6|0|0|0,42||0|
|C170|22|12857||2|UN|13,55|0|0|200|1551|1551|13,55|18|2,44|0|0|0|0|00||13,55|9,75|1,32|50|11,11|1,65|0|0|0,18|50|11,11|7,6|0|0|0,84||0|
|C170|23|12867||1|UN|4,86|0|0|200|1551|1551|4,86|18|0,88|0|0|0|0|00||4,86|9,75|0,48|50|3,98|1,65|0|0|0,07|50|3,98|7,6|0|0|0,3||0|
|C170|24|12804||1|UN|10,45|0|0|200|1551|1551|10,45|18|1,88|0|0|0|0|00||10,45|9,75|1,01|50|8,57|1,65|0|0|0,14|50|8,57|7,6|0|0|0,65||0|
|C170|25|13472||30|UN|40,76|0|0|200|1551|1551|40,76|18|7,34|0|0|0|0|00||40,76|9,75|3,98|50|33,42|1,65|0|0|0,55|50|33,42|7,6|0|0|2,54||0|
|C170|26|15511||4|UN|102,28|0|0|200|1551|1551|102,28|18|18,41|0|0|0|0|00||102,28|3,25|3,32|50|83,87|1,65|0|0|1,38|50|83,87|7,6|0|0|6,37||0|
|C170|27|13543||4|UN|369,25|0|0|200|1551|1551|369,25|18|66,46|0|0|0|0|00||369,25|3,25|12|50|302,79|1,65|0|0|5|50|302,79|7,6|0|0|23,01||0|
|C190|100|1551|18|2734,96|2734,96|492,29|0|0|0|0||
|C190|200|1551|18|26740,79|25159,72|4528,75|0|0|0|1581,07||
|C190|700|1551|18|956,33|956,33|172,14|0|0|0|0||
|C990|157|
|D001|1|
|D990|2|
|E001|0|
|E100|01032026|31032026|
|E110|0|0|9879,02|0|39544,23|0|5229,31|0|106394,51|0|0|0|141289,03|0|
|E111|SP000207||9879,02|
|E111|SP020718||5229,31|
|E500|0|01032026|31032026|
|E510|1551|00|45682,61|43010,54|2672,07|
|E510|2551|00|48799,86|44762,81|4037,05|
|E510|1551|01|7591,9|0|0|
|E510|1551|03|130536,96|0|0|
|E510|2551|03|19341,76|0|0|
|E510|1551|49|29587|0|0|
|E520|1668,18|0|6709,12|0|0|8377,3|0|
|E990|14|
|G001|0|
|G110|01032026|31032026|106394,01|2445,15|0|0|0|0|0|
|G125|13|01032026|IM|1093,84||||1|22,79|
|G130|1|08754254000107|55|1|207246|42260308754254000107550010002072461329112016|09032026||
|G140|1|1159001|2|UN|1093,84|0|0|0|
|G125|1|01032026|SI|4962,57||||3|103,39|
|G125|10|01032026|SI|1042,16||||3|21,71|
|G125|11|01032026|SI|1140||||3|23,75|
|G125|12|01032026|SI|58991,04||||2|1228,98|
|G125|2|01032026|SI|5646,05||||3|117,63|
|G125|3|01032026|SI|5646,05||||3|117,63|
|G125|4|01032026|SI|3456,71||||3|72,01|
|G125|5|01032026|SI|8108,77||||3|168,93|
|G125|6|01032026|SI|8108,77||||3|168,93|
|G125|7|01032026|SI|3317,22||||3|69,11|
|G125|8|01032026|SI|3317,72||||3|69,12|
|G125|9|01032026|SI|2656,95||||3|55,35|
|G125|14|01032026|IM|678,41|||2374,3|1|63,6|
|G130|1|08754254000107|55|1|207246|42260308754254000107550010002072461329112016|09032026||
|G140|1|12345|1|UN|678,41|0|0|2374,3|
|G125|15|01032026|IM|263,28|||131,64|1|8,23|
|G130|1|08754254000107|55|1|207246|42260308754254000107550010002072461329112016|09032026||
|G140|1|594501|3|UN|263,28|0|0|131,64|
|G125|16|01032026|IM|4287,62|||2143,81|1|133,99|
|G130|1|11496607000120|55|3|15603|43260311496607000120550030000156031993942100|19032026||
|G140|1|003150G3-1086P|35|UN|4287,62|0|0|2143,81|
|G990|27|
|H001|1|
|H990|2|
|K001|1|
|K990|2|
|1001|0|
|1010|N|N|N|N|N|N|N|N|N|N|N|N|N|
|1990|3|
|9001|0|
|9900|0000|1|
|9900|0001|1|
|9900|0002|1|
|9900|0005|1|
|9900|0100|1|
|9900|0150|8|
|9900|0190|6|
|9900|0200|113|
|9900|0300|16|
|9900|0305|16|
|9900|0400|2|
|9900|0450|1|
|9900|0500|11|
|9900|0600|9|
|9900|0990|1|
|9900|B001|1|
|9900|B990|1|
|9900|C001|1|
|9900|C100|10|
|9900|C110|1|
|9900|C170|129|
|9900|C190|15|
|9900|C990|1|
|9900|D001|1|
|9900|D990|1|
|9900|E001|1|
|9900|E100|1|
|9900|E110|1|
|9900|E111|2|
|9900|E500|1|
|9900|E510|6|
|9900|E520|1|
|9900|E990|1|
|9900|G001|1|
|9900|G110|1|
|9900|G125|16|
|9900|G130|4|
|9900|G140|4|
|9900|G990|1|
|9900|H001|1|
|9900|H990|1|
|9900|K001|1|
|9900|K990|1|
|9900|1001|1|
|9900|1010|1|
|9900|1990|1|
|9900|9001|1|
|9900|9990|1|
|9900|9999|1|
|9900|9900|50|
|9990|53|
|9999|450|
